@Book{Geom,
author = "Hartley, R.~I. and Zisserman, A.",
title = "Multiple View Geometry in Computer Vision",
edition = "Second",
year = "2004",
publisher = "Cambridge University Press, ISBN: 0521540518",
} 

@MISC{Hartley96triangulation,
    author = {Richard Hartley and Peter Sturm},
    title = {Triangulation},
    year = {1996}
}

@incollection{Moravec80,
   author = "Hans Moravec",
   title = "Obstacle Avoidance and Navigation in the Real World by a Seeing Robot Rover",
   booktitle = "tech. report CMU-RI-TR-80-03, Robotics Institute, Carnegie Mellon University \& doctoral dissertation, Stanford University",
   month = "September",
   year = "1980",
   number= "CMU-RI-TR-80-03",
   Notes = "Available as Stanford AIM-340, CS-80-813 and republished as a Carnegie Mellon University Robotics Institue Technical Report to increase availability"
} 

@inproceedings{Harris88,
  added-at = {2009-06-09T19:58:38.000+0200},
  author = {Harris, C. and Stephens, M.},
  biburl = {http://www.bibsonomy.org/bibtex/22d2048f92453ed8d1426782cfe774b62/zap},
  booktitle = {Proceedings of the 4th Alvey Vision Conference},
  description = {MAPS citations},
  interhash = {69457ee9c61699b5153f9481a6c7f4bb},
  intrahash = {2d2048f92453ed8d1426782cfe774b62},
  keywords = {imported visual-interest-points},
  pages = {147--151},
  timestamp = {2009-06-09T23:55:27.000+0200},
  title = {A Combined Corner and Edge Detector},
  year = 1988
}

@INPROCEEDINGS{Shi94,
author={Shi, J. and Tomasi, C.},
booktitle={Computer Vision and Pattern Recognition, 1994. Proceedings CVPR '94., 1994 IEEE Computer Society Conference on},
title={Good features to track},
year={1994},
month={Jun},
pages={593-600},
keywords={computer vision;feature extraction;tracking;Newton-Raphson style search methods;affine image transformations;disocclusions;feature monitoring;feature selection;feature-based;occlusions;performance;tracker;tracking;vision system;Feature extraction;Machine vision;Tracking},
doi={10.1109/CVPR.1994.323794},
ISSN={1063-6919},}

@article{Sift04,
 author = {Lowe, David G.},
 title = {Distinctive Image Features from Scale-Invariant Keypoints},
 journal = {Int. J. Comput. Vision},
 issue_date = {November 2004},
 volume = {60},
 number = {2},
 month = nov,
 year = {2004},
 issn = {0920-5691},
 pages = {91--110},
 numpages = {20},
 url = {http://dx.doi.org/10.1023/B:VISI.0000029664.99615.94},
 doi = {10.1023/B:VISI.0000029664.99615.94},
 acmid = {996342},
 publisher = {Kluwer Academic Publishers},
 address = {Hingham, MA, USA},
 keywords = {image matching, invariant features, object recognition, scale invariance},
} 

@INPROCEEDINGS{Surf06,
    author = {Herbert Bay and Tinne Tuytelaars and Luc Van Gool},
    title = {Surf: Speeded up robust features},
    booktitle = {In ECCV},
    year = {2006},
    pages = {404--417}
}

@inproceedings{Fast06,
 author = {Rosten, Edward and Drummond, Tom},
 title = {Machine Learning for High-speed Corner Detection},
 booktitle = {Proceedings of the 9th European Conference on Computer Vision - Volume Part I},
 series = {ECCV'06},
 year = {2006},
 isbn = {3-540-33832-2, 978-3-540-33832-1},
 location = {Graz, Austria},
 pages = {430--443},
 numpages = {14},
 url = {http://dx.doi.org/10.1007/11744023_34},
 doi = {10.1007/11744023_34},
 acmid = {2094478},
 publisher = {Springer-Verlag},
 address = {Berlin, Heidelberg},
} 

@INPROCEEDINGS{Orb11,
author={Rublee, E. and Rabaud, V. and Konolige, K. and Bradski, G.},
booktitle={Computer Vision (ICCV), 2011 IEEE International Conference on},
title={ORB: An efficient alternative to SIFT or SURF},
year={2011},
month={Nov},
pages={2564-2571},
keywords={computer vision;image matching;object detection;object recognition;tracking;transforms;BRIEF;ORB;SIFT;SURF;binary descriptor;computer vision;feature matching;noise resistance;object detection;object recognition;patch-tracking;smart phone;Boats},
doi={10.1109/ICCV.2011.6126544},
ISSN={1550-5499},}

@article{Ransac81,
 author = {Fischler, Martin A. and Bolles, Robert C.},
 title = {Random Sample Consensus: A Paradigm for Model Fitting with Applications to Image Analysis and Automated Cartography},
 journal = {Commun. ACM},
 issue_date = {June 1981},
 volume = {24},
 number = {6},
 month = jun,
 year = {1981},
 issn = {0001-0782},
 pages = {381--395},
 numpages = {15},
 url = {http://doi.acm.org/10.1145/358669.358692},
 doi = {10.1145/358669.358692},
 acmid = {358692},
 publisher = {ACM},
 address = {New York, NY, USA},
 keywords = {automated cartography, camera calibration, image matching, location determination, model fitting, scene analysis},
} 

@article{Ransac97,
title = "Robust parameterization and computation of the trifocal tensor ",
journal = "Image and Vision Computing ",
volume = "15",
number = "8",
pages = "591 - 605",
year = "1997",
note = "British Machine Vision Conference ",
issn = "0262-8856",
doi = "http://dx.doi.org/10.1016/S0262-8856(97)00010-3",
url = "http://www.sciencedirect.com/science/article/pii/S0262885697000103",
author = "P.H.S Torr and A Zisserman",
keywords = "Trifocal tensor",
keywords = "Robust estimation",
keywords = "Matching",
keywords = "Maximum likelihood estimation "
}

@INPROCEEDINGS{Qdegsac06,
author={Frahm, J.-M. and Pollefeys, M.},
booktitle={Computer Vision and Pattern Recognition, 2006 IEEE Computer Society Conference on},
title={RANSAC for (Quasi-)Degenerate data (QDEGSAC)},
year={2006},
month={June},
volume={1},
pages={453-460},
keywords={Application software;Computer Society;Computer science;Computer vision;Cost function;Layout;Pattern recognition;Robustness;Testing},
doi={10.1109/CVPR.2006.235},
ISSN={1063-6919},}

@article{FivePointNister04,
 author = {Nist{\'e}r, David},
 title = {An Efficient Solution to the Five-Point Relative Pose Problem},
 journal = {IEEE Trans. Pattern Anal. Mach. Intell.},
 issue_date = {June 2004},
 volume = {26},
 number = {6},
 month = jun,
 year = {2004},
 issn = {0162-8828},
 pages = {756--777},
 numpages = {22},
 url = {http://dx.doi.org/10.1109/TPAMI.2004.17},
 doi = {10.1109/TPAMI.2004.17},
 acmid = {987623},
 publisher = {IEEE Computer Society},
 address = {Washington, DC, USA},
 keywords = {Imaging geometry, Imaging geometry, motion, relative orientation, structure from motion, camera calibration, ego-motion estimation, scene reconstruction., camera calibration, ego-motion estimation, motion, relative orientation, scene reconstruction., structure from motion},
} 

@article{Losac01,
author = "Ond Chum, Jiri Matas, and Josef Kittler",
title = "Locally optimized RANSAC",
year = "2001"
}

@article{Canny86,
author = "John Canny",
title = "A Computational Approach to Edge Detection",
year = "1986"
}

@article{Susan95,
author = "Stephen M. Smith, J. Michael Brady",
title = "SUSAN - A New Approach to Low Level Image Processing",
year = "1995"
}

@misc{tri97,
  author = "Richard I. Hartley and Peter Sturm",
  title = "Triangulation",
  howpublished = "\url{https://perception.inrialpes.fr/Publications/1997/HS97/HartleySturm-cviu97.pdf}",
  year = "1996", 
  note = "[Online; accessed 29-April-2015]"
}

@article{Stefano02afast,
    author = {L. Di Stefano and M. Marchionni and S. Mattoccia and G. Neri},
    title = {A Fast Area-Based Stereo Matching Algorithm},
    journal = {Image and Vision Computing},
    year = {2002},
    volume = {22},
    pages = {983--1005}
}

@article{SGBM,
author={Hirschmuller, H.},
journal={Pattern Analysis and Machine Intelligence, IEEE Transactions on},
title={Stereo Processing by Semiglobal Matching and Mutual Information},
year={2008},
month={Feb},
volume={30},
number={2},
pages={328-341},
keywords={image matching;image reconstruction;stereo image processing;3D reconstruction;multibaseline matching;mutual information based matching;occlusion detection;orthographic projection;pathwise optimization;pixelwise matching;radiometric transformation;semiglobal matching;stereo processing;subpixel refinement;global optimization;multi-baseline;mutual information;stereo},
doi={10.1109/TPAMI.2007.1166},
ISSN={0162-8828},
}

@ARTICLE{DefenceEightPoint,
author={Hartley, R.I.},
journal={Pattern Analysis and Machine Intelligence, IEEE Transactions on},
title={In defense of the eight-point algorithm},
year={1997},
month={Jun},
volume={19},
number={6},
pages={580-593},
keywords={matrix algebra;noise;stereo image processing;eight-point algorithm;fundamental matrix;noise susceptibility;normalization;stereo images;uncalibrated cameras;Algorithm design and analysis;Cameras;Computer vision;Equations;Helium;Image reconstruction;Iterative algorithms;Layout;Least squares methods;Stereo vision},
doi={10.1109/34.601246},
ISSN={0162-8828},
}

@inproceedings{Brief10,
 author = {Calonder, Michael and Lepetit, Vincent and Strecha, Christoph and Fua, Pascal},
 title = {BRIEF: Binary Robust Independent Elementary Features},
 booktitle = {Proceedings of the 11th European Conference on Computer Vision: Part IV},
 series = {ECCV'10},
 year = {2010},
 isbn = {3-642-15560-X, 978-3-642-15560-4},
 location = {Heraklion, Crete, Greece},
 pages = {778--792},
 numpages = {15},
 url = {http://dl.acm.org/citation.cfm?id=1888089.1888148},
 acmid = {1888148},
 publisher = {Springer-Verlag},
 address = {Berlin, Heidelberg},
} 

@INPROCEEDINGS{Plunder95,
author={Torr, P.H.S. and Zisserman, A. and Maybank, S.J.},
booktitle={Computer Vision, 1995. Proceedings., Fifth International Conference on},
title={Robust detection of degenerate configurations for the fundamental matrix},
year={1995},
month={Jun},
pages={1037-1042},
keywords={feature extraction;image matching;matrix algebra;robot vision;automated non perfect feature detector;data contamination;degeneracy detection;degenerate configurations;degenerate data set;feature matchers;fundamental matrix;outlier detection;point matching;real image sequences;real imagery;robust detection;robust methods;robustness;Cameras;Computer vision;Contamination;Data engineering;Detectors;Image sequences;Pollution measurement;Robots;Robustness;Solid modeling},
doi={10.1109/ICCV.1995.466820},}

@ARTICLE{fivepointstewenius,
  author = {H. Stew\'enius and C. Engels and D. Nist\'er},
  title = {Recent Developments on Direct Relative Orientation},
  journal = {ISPRS Journal of Photogrammetry and Remote Sensing},
  url = {http://dx.doi.org/10.1016/j.isprsjprs.2006.03.005},
  volume = {60},
  issue = {4},
  pages = {284--294},
  month = JUN,
  code = {http://vis.uky.edu/~stewe/FIVEPOINT},
  pdf = {http://www.vis.uky.edu/~stewe/publications/stewenius_engels_nister_5pt_isprs.pdf},
  year = 2006
}

@article{calib2000,
 author = {Zhang, Zhengyou},
 title = {A Flexible New Technique for Camera Calibration},
 journal = {IEEE Trans. Pattern Anal. Mach. Intell.},
 issue_date = {November 2000},
 volume = {22},
 number = {11},
 month = nov,
 year = {2000},
 issn = {0162-8828},
 pages = {1330--1334},
 numpages = {5},
 url = {http://dx.doi.org/10.1109/34.888718},
 doi = {10.1109/34.888718},
 acmid = {357025},
 publisher = {IEEE Computer Society},
 address = {Washington, DC, USA},
 keywords = {Camera calibration, calibration from planes, 2D pattern, flexible plane-based calibration, absolute conic, projective mapping, lens distortion, closed-form solution, maximum likelihood estimation, flexible setup.},
} 
